@inproceedings{Ding:2014:HTA, 
author = {}, 
title = {[Head and Torso Animation Synthesis for a Laughing Character]}, 
booktitle = {14th International Conference on Intelligent Virtual Agents-2014}, 
year = {2014}, 
abstract = {},
pages = {}, 
}

@inproceedings{Ding:2013:LAS, 
author = {}, 
title = {[Laughter animation synthesis]: introduce \textbf{a mix of HMM and PID mechanism} into virtual agent laughter simulation}, 
booktitle = {AAMAS-2014}, 
year = {2013}, 
abstract = {},
pages = {}, 
}

@inproceedings{Wang:2013:FPBGI, 
author = {}, 
title = {[Factorized Point-Based Global Illumination]: first introduce \textbf{Screen Space Clustering} method to improve computational performance for PBGI}, 
booktitle = {Computer Graphics Forum (Special Issue on EGSR 2013)}, 
year = {2013}, 

}

@incollection{huang:2012:EBA,
year={2012},
booktitle={Intelligent Virtual Agents, 12th International Conference on Intelligent Virtual Agents},
title={[Expressive Body Animation Pipeline for Virtual Agent]},
author={},
}



@inproceedings{Huang:2012:EET,
 author = {},
 title = {[An Efficient Energy Transfer Inverse Kinematics Solution]: propose a local physics based methods to speed up IK performance},
 booktitle = {Proceedings of Motion In Game 2012},
 year = {2012},
} 

@inproceedings{Rad:2012:EFC,
   author = {},
   title = {[Effect of facial cues on identification]: analyse facial expressions based on different cues such as wrinkles},
   booktitle = {The 25th Annual Conference on Computer Animation and Social Agents (CASA 2012)},
   year = {2012},
}

@inproceedings{huang:2011:SAO,
author = {},
title = {[Separable Approximation of Ambient Occlusion]: first propose \textbf{a separable computation fashion} to improve speed performace in screen space},
booktitle = {Eurographics},
year = {2011},
}

@inproceedings{Magalie:2011:CMT,
author = {},
title = {[La compr\'ehension  machine \`a travers l'expression non-verbale]},
booktitle = {Intercompr\'ehension - de l'intrasp\'ecifique \`a l'intersp\'ecifique},
year = {2011},

}

@inproceedings{Quoc:2011:CGS,
author = {},
title = {[A Common Gesture and Speech Production Framework for Virtual and Physical Agents]: one framework for both virtual and physical agents},
booktitle = {Workshop of the 14th ACM International Conference on Multimodal Interaction},
year = {2011},

}

